@inproceedings{Broder:1998,
  author =	"Andrei Z. Broder",
  title =	"On the resemblance and containment of documents",
  booktitle =	"Compression and Complexity of Sequences, IEEE Computer Society",
  pages = "21-29",
  year = 	"1997",
  publisher = {Positano},
  location = {Italy}
}

@article{BroderGMZ97,
  author    = {Andrei Z. Broder and
               Steven C. Glassman and
               Mark S. Manasse and
               Geoffrey Zweig},
  title     = {Syntactic Clustering of the Web},
  journal   = {Computer Networks},
  year      = {1997},
  location = {Santa Clara},
  pages     = {1157-1166},
  ee        = {http://dx.doi.org/10.1016/S0169-7552(97)00031-7},
  bibsource = {DBLP, http://dblp.uni-trier.de}
}

@article{Alon1999137,
title = "The Space Complexity of Approximating the Frequency Moments",
journal = "Journal of Computer and System Sciences",
volume = "58",
number = "1",
pages = "137 - 147",
year = "1999",
note = "",
issn = "0022-0000",
doi = "10.1006/jcss.1997.1545",
url = "http://www.sciencedirect.com/science/article/pii/S0022000097915452",
author = "Noga Alon and Yossi Matias and Mario Szegedy"
}
@article{Karp:2003:SAF:762471.762473,
 author = {Karp, Richard M. and Shenker, Scott and Papadimitriou, Christos H.},
 title = {A simple algorithm for finding frequent elements in streams and bags},
 journal = {ACM Trans. Database Syst.},
 issue_date = {March 2003},
 volume = {28},
 number = {1},
 month = mar,
 year = {2003},
 issn = {0362-5915},
 pages = {51--55},
 numpages = {5},
 url = {http://doi.acm.org/10.1145/762471.762473},
 doi = {10.1145/762471.762473},
 acmid = {762473},
 publisher = {ACM},
 address = {New York, NY, USA},
 keywords = {Data stream, frequent elements},
}
@inproceedings{Cormode:2003:WHW:773153.773182,
 author = {Cormode, Graham and Muthukrishnan, S.},
 title = {What's hot and what's not: tracking most frequent items dynamically},
 booktitle = {Proceedings of the twenty-second ACM SIGMOD-SIGACT-SIGART symposium on Principles of database systems},
 series = {PODS '03},
 year = {2003},
 isbn = {1-58113-670-6},
 location = {San Diego, California},
 pages = {296--306},
 numpages = {11},
 url = {http://doi.acm.org/10.1145/773153.773182},
 doi = {10.1145/773153.773182},
 acmid = {773182},
 publisher = {ACM},
 address = {New York, NY, USA},
}
@INPROCEEDINGS{Manku02approximatefrequency,
    author = {Gurmeet Singh Manku and Rajeev Motwani},
    title = {Approximate Frequency Counts over Data Streams},
    booktitle = {VLDB},
    year = {2002},
    pages = {346--357},
    publisher = {}
}
@article{Agrawal:1993:MAR:170036.170072,
 author = {Agrawal, Rakesh and Imieli\'{n}ski, Tomasz and Swami, Arun},
 title = {Mining association rules between sets of items in large databases},
 journal = {SIGMOD Rec.},
 issue_date = {June 1, 1993},
 volume = {22},
 number = {2},
 month = jun,
 year = {1993},
 issn = {0163-5808},
 pages = {207--216},
 numpages = {10},
 url = {http://doi.acm.org/10.1145/170036.170072},
 doi = {10.1145/170036.170072},
 acmid = {170072},
 publisher = {ACM},
 address = {New York, NY, USA},
}

@INPROCEEDINGS{4568063, 
author={Flajolet, Philippe and Martin, G. Nigel}, 
booktitle={Foundations of Computer Science, 1983., 24th Annual Symposium on}, title={Probabilistic counting}, 
year={1983}, 
pages={76-82}, 
keywords={Algorithm design and analysis;Counting circuits;Degradation;Distributed processing;Laboratories;Performance gain;Sampling methods;Sorting;Winches}, 
doi={10.1109/SFCS.1983.46}, 
ISSN={0272-5428},}

@article{dimitropoulos2008probabilistic,
  title={Probabilistic lossy counting: an efficient algorithm for finding heavy hitters},
  author={Dimitropoulos, Xenofontas and Hurley, Paul and Kind, Andreas},
  journal={ACM SIGCOMM Computer Communication Review},
  volume={38},
  number={1},
  pages={5--5},
  year={2008},
  publisher={ACM}
}

@inproceedings{rong2010mnemonic,
  title={Mnemonic Lossy Counting: An efficient and accurate heavy-hitters identification algorithm},
  author={Rong, Qiong and Zhang, Guangxing and Xie, Gaogang and Salamatian, Kav{\'e}},
  booktitle={Performance Computing and Communications Conference (IPCCC), 2010 IEEE 29th International},
  pages={255--262},
  year={2010},
  organization={IEEE}
}